@article{sugimoto2005,
  title={Time Follower's Vision: a teleoperation interface with past images},
  author={Sugimoto, Maki and Kagotani, Georges and Nii, Hideaki and Shiroma, Naoji and Matsuno, Fumitoshi and Inami, Masahiko},
  journal={Computer Graphics and Applications, IEEE},
  volume={25},
  number={1},
  pages={54--63},
  year={2005},
  publisher={IEEE}
}

@inproceedings{murata2014,
  title={Teleoperation system using past image records for mobile manipulator},
  author={Murata, Ryosuke and Songtong, Sira and Mizumoto, Hisashi and Kon, Kazuyuki and Matsuno, Fumitoshi},
  booktitle={Intelligent Robots and Systems (IROS 2014), 2014 IEEE/RSJ International Conference on},
  pages={4340--4345},
  year={2014},
  organization={IEEE}
}

@inproceedings{ito2008,
  title={A teleoperation interface using past images for outdoor environment},
  author={Ito, Masataka and Sato, Noritaka and Sugimoto, Maki and Shiroma, Naoji and Inami, Masahiko and Matsuno, Fumitoshi},
  booktitle={Proceedings of the SICE Annual Conference},
  pages={3372--3375},
  year={2008}
}

@ONLINE {ctvnews2014,
    author = "Josh Elliott",
    organization="CTV News",
    title  = {{Drone flight near Vancouver airport attracts Transport Canada, RCMP attention}},
    month  = "Apr",
    year   = "2014",
    url    = "http://www.ctvnews.ca/canada/1.1788494",
    urldate= "2015-12-11"
}

@ONLINE {latimes2015,
    author = "Joseph Serna",
    organization="Los Angeles Times",
    title  = {{Drone knocks out power to hundreds of West Hollywood residents}},
    month  = "Oct",
    year   = "2015",
    url    = "http://www.latimes.com/local/lanow/la-me-ln-drone-power-west-hollywood-20151027-story.html",
    urldate= "2015-12-11"
}

@ONLINE {bbcnews2015,
    organization="BBC News",
    title  = {{Toddler's eyeball sliced in half by drone propeller}},
    month  = "Nov",
    year   = "2015",
    url    = "http://www.bbc.com/news/uk-england-hereford-worcester-34936739",
    urldate= "2015-12-21"
}

@ONLINE {seattletimes2015,
  organization = "The Seattle Times",
  title={{Woman knocked unconscious by falling drone during Seattleâ€™s Pride parade}},
  month="Jun",
  year="2015",
  url="http://www.seattletimes.com/seattle-news/crime/woman-knocked-unconscious-by-falling-drone-during-seattles-pride-parade/",
  urldate="2015-12-12"
}
